<record><leader>00000cas a22000007a 4500</leader><controlfield tag="001">13105514</controlfield><controlfield tag="008">860204d18871901inudn ne      0    0eng d</controlfield><datafield ind1=" " ind2=" " tag="010"><subfield code="a">sn 86063072 </subfield></datafield><datafield ind1=" " ind2=" " tag="040"><subfield code="a">KSH</subfield><subfield code="b">eng</subfield><subfield code="c">KSH</subfield><subfield code="d">NPT</subfield><subfield code="d">NPI</subfield><subfield code="d">CNK</subfield><subfield code="d">OCLCQ</subfield></datafield><datafield ind1=" " ind2=" " tag="042"><subfield code="a">msc</subfield></datafield><datafield ind1="0" ind2="4" tag="245"><subfield code="a">The Goshen daily news.</subfield></datafield><datafield ind1=" " ind2=" " tag="260"><subfield code="a">Goshen, Ind. :</subfield><subfield code="b">News Print. Co.,</subfield><subfield code="c">1887-</subfield></datafield><datafield ind1=" " ind2=" " tag="310"><subfield code="a">Daily (except Sun.)</subfield></datafield><datafield ind1="0" ind2=" " tag="362"><subfield code="a">Vol. 5 (Dec. 10, 1887)-</subfield></datafield><datafield ind1="1" ind2=" " tag="362"><subfield code="a">Ceased in July 1901.</subfield></datafield><datafield ind1=" " ind2=" " tag="580"><subfield code="a">Also published in weekly eds. called: The Weekly news, 1885-1888; and: The Goshen weekly news, 1888-1901.</subfield></datafield><datafield ind1=" " ind2=" " tag="588"><subfield code="a">Latest issue consulted: 18th year (July 6, 1901).</subfield></datafield><datafield ind1=" " ind2=" " tag="752"><subfield code="a">United States</subfield><subfield code="b">Indiana</subfield><subfield code="c">Elkhart</subfield><subfield code="d">Goshen.</subfield></datafield><datafield ind1="1" ind2=" " tag="775"><subfield code="t">Weekly news (Goshen, Ind.)</subfield><subfield code="w">(DLC)sn 87055822</subfield></datafield><datafield ind1="1" ind2=" " tag="775"><subfield code="t">Goshen weekly news</subfield><subfield code="w">(DLC)sn 87056068</subfield></datafield><datafield ind1="0" ind2="0" tag="780"><subfield code="t">Daily news (Goshen, Ind.)</subfield><subfield code="w">(DLC)sn 87056061</subfield></datafield><datafield ind1="0" ind2="7" tag="785"><subfield code="t">Goshen daily times</subfield><subfield code="w">(DLC)sn 87056064</subfield></datafield><datafield ind1="0" ind2="7" tag="785"><subfield code="t">Goshen daily news-times</subfield><subfield code="w">(DLC)sn 87056069</subfield></datafield></record>